<?xml version="1.0" encoding="UTF-8"?><collection xmlns="http://www.loc.gov/MARC21/slim"><record><leader>00470nam--2200181-i-4500</leader><controlfield tag="001">000016973</controlfield><controlfield tag="002">20161230</controlfield><controlfield tag="005">20161230201032</controlfield><controlfield tag="008">060222s1000------------r-----000-0-rum-d</controlfield><datafield ind1=" " ind2=" " tag="040"><subfield code="a">IFIN-HH</subfield></datafield><datafield ind1=" " ind2=" " tag="041"><subfield code="a">rum</subfield></datafield><datafield ind1=" " ind2=" " tag="080"><subfield code="a">531.01</subfield></datafield><datafield ind1="1" ind2=" " tag="100"><subfield code="a">Arnold, V.I</subfield></datafield><datafield ind1="1" ind2="0" tag="245"><subfield code="a">Metode matematice ale mecanicii clasice</subfield><subfield code="c">V.I. Arnold</subfield></datafield><datafield ind1=" " ind2=" " tag="260"><subfield code="a">Bucuresti, Editura Stiintifica Si Enciclopedica, 1980</subfield></datafield><datafield ind1=" " ind2=" " tag="300"><subfield code="a">571 p</subfield></datafield><datafield ind1=" " ind2=" " tag="852"><subfield code="a">47779</subfield><subfield code="c">531</subfield></datafield><datafield ind1=" " ind2=" " tag="CAT"><subfield code="a">Sys</subfield><subfield code="c">20100630</subfield><subfield code="h">105449</subfield></datafield></record></collection>